@INPROCEEDINGS{7474178, 
	author={S. Vashishth and Y. Sinha and K. H. Babu}, 
	booktitle={2016 IEEE 30th International Conference on Advanced Information Networking and Applications (AINA)}, 
	title={Addressing Challenges in Browser Based P2P Content Sharing Framework Using WebRTC}, 
	year={2016}, 
	pages={850-857}, 
	keywords={Internet;Java;concurrency (computers);online front-ends;peer-to-peer computing;software architecture;JavaScript language;NodeJs;Socket.io;Web browsers;Web technologies;WebRTC;browser based P2P content sharing framework;client/server model;full-fledged threading/concurrency support;group managements;peer-to-peer architecture;synchronous loading;Browsers;Computer architecture;Message systems;Peer-to-peer computing;Protocols;Servers;WebRTC;DHT;NodeJs;WebRTC;peer-to-peer;signalling}, 
	doi={10.1109/AINA.2016.143}, 
	ISSN={1550-445X}, 
	month={March},
}

@INPROCEEDINGS{6751094, 
	author={S. Kode and K. Nagaraju and L. Gollapudi and S. K. Reddy}, 
	booktitle={2013 IEEE Fifth International Conference on Technology for Education (t4e 2013)}, 
	title={Using MediaWiki to Increase Teaching Expertise in Engineering Colleges}, 
	year={2013}, 
	pages={204-205}, 
	keywords={Web sites;computer aided instruction;engineering education;groupware;multimedia systems;public domain software;teaching;Andhra Pradesh;Art of Teaching workshop;Bloom taxonomy;EnhanceEdu;Indian engineering colleges;MediaWiki;active teaching techniques;collaborative work;learner styles;lesson plan design;multimedia resources;rubric design;teaching expertise;Art;Conferences;Educational institutions;Multimedia communication;Taxonomy;Training;Active teaching techniques;Bloom's taxonomy;MediaWiki;Rubric design;lesson plans;teachers;teaching skills}, 
	doi={10.1109/T4E.2013.55}, 
	month={Dec},
}

@INPROCEEDINGS{7550838, 
	author={W. Chansuwath and T. Senivongse}, 
	booktitle={2016 IEEE/ACIS 15th International Conference on Computer and Information Science (ICIS)}, 
	title={A model-driven development of web applications using AngularJS framework}, 
	year={2016}, 
	pages={1-6}, 
	keywords={Internet;Unified Modeling Language;software tools;source code (software);AngularJS framework;UML profile;Web application development;code template construction;model-driven development;transformation tool;Business;HTML;Load modeling;Model-driven development;Software;Unified modeling language;User interfaces;AngularJS;UML profile;model-driven development;web applications}, 
	doi={10.1109/ICIS.2016.7550838}, 
	month={June},
}

@INPROCEEDINGS{7011937, 
	author={M. Kuhara and N. Amano and K. Watanabe and Y. Nogami and M. Fukushi}, 
	booktitle={2014 14th International Symposium on Communications and Information Technologies (ISCIT)}, 
	title={A peer-to-peer communication function among Web browsers for Web-based Volunteer Computing}, 
	year={2014}, 
	pages={383-387}, 
	keywords={Internet;application program interfaces;online front-ends;parallel processing;peer-to-peer computing;volunteer computing;P2P communication function;PeerJS;URL;Web browsers;Web real-time communication API;Web techniques;Web-based VC;Web-based volunteer computing;WebRTC API;file sharing;high-performance computing environment;peer-to-peer communication function;Bandwidth;Browsers;Computational modeling;Educational institutions;Load management;Peer-to-peer computing;WebRTC}, 
	doi={10.1109/ISCIT.2014.7011937}, 
	month={Sept},
}

@Misc{AngularApiDoc,
	author 		= {Google, Inc.},
	title  		= {AngularJS API Docs  [online]},
	month  		= {Máj},
	year   		= {2017},
	note		= {\\\url{https://docs.angularjs.org/api}}
}

@Misc{FabricApiDoc,
	author 		= {Fabric.js team},
	title  		= {FabricJS Doc [online]},
	month  		= {Máj},
	year   		= {2017},
	note		= {\\\url{http://fabricjs.com/docs}}
}

@Misc{MediaWikiDoc,
	author 		= {MediaWiki.org},
	title  		= {MediaWiki Docs [online]},
	month  		= {Máj},
	year   		= {2017},
	note		= {\\\url{https://doc.wikimedia.org/mediawiki-core/master/php/}}
}
@Misc{MediaWikiExtension,
	author 		= {MediaWiki.org},
	title  		= {Manual:Developing extensions [online]},
	month  		= {Máj},
	year   		= {2017},
	note		= {\\\url{https://www.mediawiki.org/wiki/Manual:Developing_extensions}}
}
@Misc{AngularTutorial,
	author 		= {W3Schools.com},
	title  		= {AngularJS Tutorial [online]},
	month  		= {Máj},
	year   		= {2017},
	note		= {\\\url{https://www.w3schools.com/angular/}}
}

@Misc{PeerjsApiDoc,
	author 		= {Peerjs.com},
	title  		= {PeerJS Documentation [online]},
	month  		= {Máj},
	year   		= {2017},
	note		= {\\\url{http://peerjs.com/docs/#api}}
}

@Misc{NodejsApiDoc,
	author 		= {Node.js Foundation},
	title  		= {Docs | Node.js  [online]},
	month  		= {Máj},
	year   		= {2017},
	note		= {\\\url{https://nodejs.org/en/docs/}}
}
