@INPROCEEDINGS{7474178, 
	author={S. Vashishth and Y. Sinha and K. H. Babu}, 
	booktitle={2016 IEEE 30th International Conference on Advanced Information Networking and Applications (AINA)}, 
	title={Addressing Challenges in Browser Based P2P Content Sharing Framework Using WebRTC}, 
	year={2016}, 
	pages={850-857}, 
	keywords={Internet;Java;concurrency (computers);online front-ends;peer-to-peer computing;software architecture;JavaScript language;NodeJs;Socket.io;Web browsers;Web technologies;WebRTC;browser based P2P content sharing framework;client/server model;full-fledged threading/concurrency support;group managements;peer-to-peer architecture;synchronous loading;Browsers;Computer architecture;Message systems;Peer-to-peer computing;Protocols;Servers;WebRTC;DHT;NodeJs;WebRTC;peer-to-peer;signalling}, 
	doi={10.1109/AINA.2016.143}, 
	ISSN={1550-445X}, 
	month={March},
}

@INPROCEEDINGS{6751094, 
	author={S. Kode and K. Nagaraju and L. Gollapudi and S. K. Reddy}, 
	booktitle={2013 IEEE Fifth International Conference on Technology for Education (t4e 2013)}, 
	title={Using MediaWiki to Increase Teaching Expertise in Engineering Colleges}, 
	year={2013}, 
	pages={204-205}, 
	keywords={Web sites;computer aided instruction;engineering education;groupware;multimedia systems;public domain software;teaching;Andhra Pradesh;Art of Teaching workshop;Bloom taxonomy;EnhanceEdu;Indian engineering colleges;MediaWiki;active teaching techniques;collaborative work;learner styles;lesson plan design;multimedia resources;rubric design;teaching expertise;Art;Conferences;Educational institutions;Multimedia communication;Taxonomy;Training;Active teaching techniques;Bloom's taxonomy;MediaWiki;Rubric design;lesson plans;teachers;teaching skills}, 
	doi={10.1109/T4E.2013.55}, 
	month={Dec},
}
@article{doi:10.1177/0021943603259363,
	author = {Paul Benjamin Lowry and Aaron Curtis and Michelle René Lowry},
	title ={Building a Taxonomy and Nomenclature of Collaborative Writing to Improve Interdisciplinary Research and Practice},
	journal = {The Journal of Business Communication (1973)},
	volume = {41},
	number = {1},
	pages = {66-99},
	year = {2004},
	doi = {10.1177/0021943603259363},
	
	URL = { 
	https://doi.org/10.1177/0021943603259363
	
	},
	eprint = { 
	https://doi.org/10.1177/0021943603259363
	
	}
}
@Inbook{Wang2013,
	author="Wang, Vanessa
	and Salim, Frank
	and Moskovits, Peter",
	title="The WebSocket Protocol",
	bookTitle="The Definitive Guide to HTML5 WebSocket",
	year="2013",
	publisher="Apress",
	address="Berkeley, CA",
	pages="33--60",
	abstract="WebSocket is a network protocol that defines how servers and clients communicate over the Web. Protocols are agreed-upon rules for communication. The suite of protocols that comprise the Internet is published by the IETF, the Internet Engineering Task Force. The IETF publishes Requests for Comments, called RFCs, which precisely specify protocols, including RFC 6455: The WebSocket Protocol. RFC 6455 was published in December 2011 and contains the exact rules that must be followed when implementing a WebSocket client or server.",
	isbn="978-1-4302-4741-8",
	doi="10.1007/978-1-4302-4741-8_3",
	url="https://doi.org/10.1007/978-1-4302-4741-8_3"
}


@ARTICLE{doi:10.1109/MIC.2010.145,
	author = {S. Tilkov and S. Vinoski},
	journal = {IEEE Internet Computing},
	title = {Node.js: Using JavaScript to Build High-Performance Network Programs},
	year = {2010},
	volume = {14},
	number = {},
	pages = {80-83},
	keywords={Node; Node.js; functional programming; Web development; JavaScript; Internet},
	doi = {10.1109/MIC.2010.145},
	url = {doi.ieeecomputersociety.org/10.1109/MIC.2010.145},
	ISSN = {1089-7801},
	month={11}
}
@article{jain2015angularjs,
	title={AngularJS: A modern MVC framework in JavaScript},
	author={Jain, Nilesh and Bhansali, Ashok and Mehta, Deepak},
	journal={International Journal of Global Research in Computer Science (UGC Approved Journal)},
	volume={5},
	number={12},
	pages={17--23},
	year={2015}
}

@INPROCEEDINGS{7550838, 
	author={W. Chansuwath and T. Senivongse}, 
	booktitle={2016 IEEE/ACIS 15th International Conference on Computer and Information Science (ICIS)}, 
	title={A model-driven development of web applications using AngularJS framework}, 
	year={2016}, 
	pages={1-6}, 
	keywords={Internet;Unified Modeling Language;software tools;source code (software);AngularJS framework;UML profile;Web application development;code template construction;model-driven development;transformation tool;Business;HTML;Load modeling;Model-driven development;Software;Unified modeling language;User interfaces;AngularJS;UML profile;model-driven development;web applications}, 
	doi={10.1109/ICIS.2016.7550838}, 
	month={June}
}

@INPROCEEDINGS{7011937, 
	author={M. Kuhara and N. Amano and K. Watanabe and Y. Nogami and M. Fukushi}, 
	booktitle={2014 14th International Symposium on Communications and Information Technologies (ISCIT)}, 
	title={A peer-to-peer communication function among Web browsers for Web-based Volunteer Computing}, 
	year={2014}, 
	pages={383-387}, 
	keywords={Internet;application program interfaces;online front-ends;parallel processing;peer-to-peer computing;volunteer computing;P2P communication function;PeerJS;URL;Web browsers;Web real-time communication API;Web techniques;Web-based VC;Web-based volunteer computing;WebRTC API;file sharing;high-performance computing environment;peer-to-peer communication function;Bandwidth;Browsers;Computational modeling;Educational institutions;Load management;Peer-to-peer computing;WebRTC}, 
	doi={10.1109/ISCIT.2014.7011937}, 
	month={Sept},
}

@article{cabanier2014html,
	title={HTML canvas 2D context},
	author={Cabanier, Rik and Graff, Eliot and Munro, Jay and Wiltzius, Tom and Hickson, I},
	journal={W3C Candidate Recommendation (work in progress)},
	volume={21},
	year={2014}
}

@inproceedings{krotzsch2006semantic,
	title={Semantic mediawiki},
	author={Kr{\"o}tzsch, Markus and Vrande{\v{c}}i{\'c}, Denny and V{\"o}lkel, Max},
	booktitle={International semantic web conference},
	pages={935--942},
	year={2006},
	organization={Springer}
}

@book{rai2013socket,
	title={Socket. IO Real-time Web Application Development},
	author={Rai, Rohit},
	year={2013},
	publisher={Packt Publishing Ltd}
}

@Misc{AngularApiDoc,
	author 		= {Google, Inc.},
	title  		= {AngularJS API Docs  [online]},
	month  		= {Máj},
	year   		= {2017},
	note		= {\\\url{https://docs.angularjs.org/api}}
}

@Misc{FabricApiDoc,
	author 		= {Fabric.js team},
	title  		= {FabricJS Doc [online]},
	month  		= {Máj},
	year   		= {2017},
	note		= {\\\url{http://fabricjs.com/docs}}
}

@Misc{MediaWikiDoc,
	author 		= {MediaWiki.org},
	title  		= {MediaWiki Docs [online]},
	month  		= {Máj},
	year   		= {2017},
	note		= {\\\url{https://doc.wikimedia.org/mediawiki-core/master/php/}}
}
@Misc{MediaWikiHelpFormating,
	author 		= {MediaWiki.org},
	title  		= {Help:Formatting MediaWiki - MediaWiki [online]},
	month  		= {Máj},
	year   		= {2017},
	note		= {\\\url{https://www.mediawiki.org/wiki/Help:Formatting}}
}
@Misc{MediaWikiExtension,
	author 		= {MediaWiki.org},
	title  		= {Manual:Developing extensions - MediaWiki [online]},
	month  		= {Máj},
	year   		= {2017},
	note		= {\\\url{https://www.mediawiki.org/wiki/Manual:Developing_extensions}}
}
@Misc{MediaWikiConventions,
	author 		= {MediaWiki.org},
	title  		= {Manual:Coding conventions - MediaWiki [online]},
	month  		= {Máj},
	year   		= {2017},
	note		= {\\\url{https://www.mediawiki.org/wiki/Manual:Coding_conventions}}
}
@Misc{AngularTutorial,
	author 		= {W3Schools.com},
	title  		= {AngularJS Tutorial [online]},
	month  		= {Máj},
	year   		= {2017},
	note		= {\\\url{https://www.w3schools.com/angular/}}
}

@Misc{PeerjsApiDoc,
	author 		= {Peerjs.com},
	title  		= {PeerJS Documentation [online]},
	month  		= {Máj},
	year   		= {2017},
	note		= {\\\url{http://peerjs.com/docs/#api}}
}

@Misc{NodejsApiDoc,
	author 		= {Node.js Foundation},
	title  		= {Docs | Node.js  [online]},
	month  		= {Máj},
	year   		= {2017},
	note		= {\\\url{https://nodejs.org/en/docs/}}
}
